@ARTICLE{Damen2020RESCALING,
   title={Rescaling Egocentric Vision},
   author={Damen, Dima and Doughty, Hazel and Farinella, Giovanni Maria  and Furnari, Antonino 
           and Ma, Jian and Kazakos, Evangelos and Moltisanti, Davide and Munro, Jonathan 
           and Perrett, Toby and Price, Will and Wray, Michael},
           journal   = {CoRR},
           volume    = {abs/2006.13256},
           year      = {2020},
           ee        = {http://arxiv.org/abs/2006.13256},
} 

@inproceedings{miech19howto100m,
   title={How{T}o100{M}: {L}earning a {T}ext-{V}ideo {E}mbedding by {W}atching {H}undred {M}illion {N}arrated {V}ideo {C}lips},
   author={Miech, Antoine and Zhukov, Dimitri and Alayrac, Jean-Baptiste and Tapaswi, Makarand and Laptev, Ivan and Sivic, Josef},
   booktitle={ICCV},
   year={2019},
}

@inproceedings{pennington2014glove,
author = {Jeffrey Pennington and Richard Socher and Christopher D. Manning},
booktitle = {Empirical Methods in Natural Language Processing (EMNLP)},
title = {GloVe: Global Vectors for Word Representation},
year = {2014},
pages = {1532--1543},
url = {http://www.aclweb.org/anthology/D14-1162},
}

@inproceedings{graphbased2020,
author={Y. {Huang} and Y. {Sugano} and Y. {Sato}},
booktitle={2020 IEEE/CVF Conference on Computer Vision and Pattern Recognition (CVPR)}, 
title={Improving Action Segmentation via Graph-Based Temporal Reasoning},
year={2020},
volume={},
number={},
pages={14021-14031},
doi={10.1109/CVPR42600.2020.01404}
}

@inproceedings{ZhXuCoAAAI18,
author={Zhou, Luowei and Xu, Chenliang and Corso, Jason J},
title = {Towards Automatic Learning of Procedures From Web Instructional Videos},
booktitle = {AAAI Conference on Artificial Intelligence},
pages={7590--7598},
year = {2018},
url = {https://www.aaai.org/ocs/index.php/AAAI/AAAI18/paper/view/17344}
}
  
